 IBF800708982181120181120135531F8007                                                                             E      
 140000001            281220300000000000003660-08982626800000222244660501812101            F80074                      E
 200000001My Company              via Altinate, 108       35121 Padova          PD           04218940155
 300000001Kissa Komics S.R.L.                                         04483400281                                       
 400000001Via Morgagni 30A              35121Padova                 PDBanca Etica                                       
 500000001FATT. FATT/2020/0069 DEL 29/10/2020 IMP 36.6                                              IT04218940155
 5100000010000000001My Company                                                                                          
 700000001                                                                                                              
 140000002            281120300000000000004270-08982626800000222244660501812101            F80074                      E
 200000002My Company              via Altinate, 108       35121 Padova          PD           04218940155
 300000002Kissa Komics S.R.L.                                         04483400281                                       
 400000002Via Morgagni 30A              35121Padova                 PDBanca Etica                                       
 500000002FATT. FATT/2020/0069 DEL 29/10/2020 IMP 42.7                                              IT04218940155       
 5100000020000000002My Company                                                                                          
 700000002                                                                                                              
 140000003            131120300000000000004270-08982626800000222244660501812101            F80074                      E
 200000003My Company              via Altinate, 108       35121 Padova          PD           04218940155
 300000003Kissa Komics S.R.L.                                         04483400281                                       
 400000003Via Morgagni 30A              35121Padova                 PDBanca Etica                                       
 500000003FATT. FATT/2020/0069 DEL 29/10/2020 IMP 42.7                                              IT04218940155       
 5100000030000000003My Company                                                                                          
 700000003                                                                                                              
 EFF800708982181120181120135531F8007         00000030000000000122000000000000000000000023                        E      
